<record><leader>00000cas a2200000 a 4500</leader><controlfield tag="001">5735173</controlfield><controlfield tag="008">791127d19711977ohumr n       0   a0eng d</controlfield><datafield ind1=" " ind2=" " tag="010"><subfield code="a">sn 88099994 </subfield><subfield code="z">sc 80000647 </subfield></datafield><datafield ind1=" " ind2=" " tag="040"><subfield code="a">COO</subfield><subfield code="b">eng</subfield><subfield code="c">COO</subfield><subfield code="d">DLC</subfield><subfield code="d">NSD</subfield><subfield code="d">DLC</subfield><subfield code="d">ONP</subfield><subfield code="d">OCLCQ</subfield><subfield code="d">OCLCO</subfield></datafield><datafield ind1="0" ind2=" " tag="022"><subfield code="a">0275-5572</subfield><subfield code="l">0275-5572</subfield><subfield code="2">1</subfield></datafield><datafield ind1="1" ind2=" " tag="029"><subfield code="a">AU@</subfield><subfield code="b">000025835812</subfield></datafield><datafield ind1=" " ind2=" " tag="042"><subfield code="a">msc</subfield><subfield code="a">nsdp</subfield></datafield><datafield ind1=" " ind2=" " tag="043"><subfield code="a">n-us-oh</subfield></datafield><datafield ind1=" " ind2=" " tag="090"><subfield code="a">HD9519.Y81</subfield><subfield code="b">Y81</subfield></datafield><datafield ind1="0" ind2=" " tag="130"><subfield code="a">Yield (Youngstown, Ohio)</subfield></datafield><datafield ind1="0" ind2=" " tag="210"><subfield code="a">Yield</subfield><subfield code="b">(Youngstown, Ohio)</subfield></datafield><datafield ind1=" " ind2="4" tag="222"><subfield code="a">The Yield</subfield><subfield code="b">(Youngstown, Ohio)</subfield></datafield><datafield ind1="1" ind2="4" tag="245"><subfield code="a">The Yield.</subfield></datafield><datafield ind1=" " ind2=" " tag="260"><subfield code="a">Youngstown, Ohio :</subfield><subfield code="b">Youngstown Sheet and Tube Co.,</subfield><subfield code="c">1971-1977.</subfield></datafield><datafield ind1=" " ind2=" " tag="300"><subfield code="a">v. :</subfield><subfield code="b">ill. ;</subfield><subfield code="c">31 cm.</subfield></datafield><datafield ind1=" " ind2=" " tag="310"><subfield code="a">Monthly</subfield></datafield><datafield ind1="0" ind2=" " tag="362"><subfield code="a">Vol. 1, no. 1 (Jan. 1971)-v. 9, no. 8 (Sept./Oct. 1977).</subfield></datafield><datafield ind1="2" ind2=" " tag="710"><subfield code="a">Youngstown Sheet and Tube Company.</subfield></datafield><datafield ind1=" " ind2=" " tag="752"><subfield code="a">United States</subfield><subfield code="b">Ohio</subfield><subfield code="c">Mahoning</subfield><subfield code="d">Youngstown.</subfield></datafield><datafield ind1="0" ind2="0" tag="780"><subfield code="t">Youngstown yield (Youngstown, Ohio : 1968)</subfield><subfield code="w">(DLC)sn 88078374</subfield></datafield><datafield ind1="0" ind2="0" tag="785"><subfield code="t">Youngstown yield (Youngstown, Ohio : 1977)</subfield><subfield code="w">(DLC)sc 80000646</subfield><subfield code="w">(DLC)sn 88099993</subfield></datafield></record>